@Manual{R-base,
  title = {R: A Language and Environment for Statistical Computing},
  author = {{R Core Team}},
  organization = {R Foundation for Statistical Computing},
  address = {Vienna, Austria},
  year = {2021},
  url = {https://www.R-project.org/},
}

@Manual{R-countrycode,
  title = {countrycode: Convert Country Names and Country Codes},
  author = {Vincent Arel-Bundock},
  year = {2020},
  note = {R package version 1.2.0},
  url = {https://github.com/vincentarelbundock/countrycode},
}

@Manual{R-dplyr,
  title = {dplyr: A Grammar of Data Manipulation},
  author = {Hadley Wickham and Romain François and Lionel Henry and Kirill Müller},
  year = {2021},
  note = {R package version 1.0.5},
  url = {https://CRAN.R-project.org/package=dplyr},
}

@Manual{R-fuzzyjoin,
  title = {fuzzyjoin: Join Tables Together on Inexact Matching},
  author = {David Robinson},
  year = {2020},
  note = {R package version 0.1.6},
  url = {https://github.com/dgrtwo/fuzzyjoin},
}

@Manual{R-here,
  title = {here: A Simpler Way to Find Your Files},
  author = {Kirill Müller},
  year = {2020},
  note = {R package version 1.0.1},
  url = {https://CRAN.R-project.org/package=here},
}

@Manual{R-janitor,
  title = {janitor: Simple Tools for Examining and Cleaning Dirty Data},
  author = {Sam Firke},
  year = {2021},
  note = {R package version 2.1.0},
  url = {https://github.com/sfirke/janitor},
}

@Manual{R-knitr,
  title = {knitr: A General-Purpose Package for Dynamic Report Generation in R},
  author = {Yihui Xie},
  year = {2021},
  note = {R package version 1.33},
  url = {https://yihui.org/knitr/},
}

@Manual{R-openxlsx,
  title = {openxlsx: Read, Write and Edit xlsx Files},
  author = {Philipp Schauberger and Alexander Walker},
  year = {2020},
  note = {R package version 4.2.3},
  url = {https://CRAN.R-project.org/package=openxlsx},
}

@Manual{R-readr,
  title = {readr: Read Rectangular Text Data},
  author = {Hadley Wickham and Jim Hester},
  year = {2020},
  note = {R package version 1.4.0},
  url = {https://CRAN.R-project.org/package=readr},
}

@Manual{R-stringr,
  title = {stringr: Simple, Consistent Wrappers for Common String Operations},
  author = {Hadley Wickham},
  year = {2019},
  note = {R package version 1.4.0},
  url = {https://CRAN.R-project.org/package=stringr},
}

@Manual{R-tidyr,
  title = {tidyr: Tidy Messy Data},
  author = {Hadley Wickham},
  year = {2021},
  note = {R package version 1.1.3},
  url = {https://CRAN.R-project.org/package=tidyr},
}

@Article{countrycode2018,
  title = {countrycode: An R package to convert country names and country codes},
  author = {Vincent Arel-Bundock and Nils Enevoldsen and CJ Yetman},
  journal = {Journal of Open Source Software},
  year = {2018},
  volume = {3},
  number = {28},
  pages = {848},
  url = {https://doi.org/10.21105/joss.00848},
}

@Book{knitr2015,
  title = {Dynamic Documents with {R} and knitr},
  author = {Yihui Xie},
  publisher = {Chapman and Hall/CRC},
  address = {Boca Raton, Florida},
  year = {2015},
  edition = {2nd},
  note = {ISBN 978-1498716963},
  url = {https://yihui.org/knitr/},
}

@InCollection{knitr2014,
  booktitle = {Implementing Reproducible Computational Research},
  editor = {Victoria Stodden and Friedrich Leisch and Roger D. Peng},
  title = {knitr: A Comprehensive Tool for Reproducible Research in {R}},
  author = {Yihui Xie},
  publisher = {Chapman and Hall/CRC},
  year = {2014},
  note = {ISBN 978-1466561595},
  url = {http://www.crcpress.com/product/isbn/9781466561595},
}

